
@online{moore_open_2018,
  title = {Open {{Science Framework Project}}: {{Raspberry Pi Workshop}} for {{University}} of {{Guam 4H Program}}},
  url = {https://osf.io/ux6jn/},
  date = {2018-12-08},
  author = {Moore, Aubrey}
}


@online{moore_github_2019,
	title = {{{GitHub Repository}}: Aubreymoore/{{Jupyter}}-{{Notebooks}}-for-{{UOG}}-{{4H}}-{{RPI}}-{{Workshop}}},
	url = {https://github.com/aubreymoore/Jupyter-Notebooks-for-UOG-4H-RPi-Workshop},
	date = {2019-10-16},
	author = {Moore, Aubrey}
}



